@misc{ISM-band1,
  author = {Mark Harris},
  howpublished = {url:"https://resources.altium.com/p/ism-bands-around-world"},
  title = {ISM Bands Around the World},
  year = {2021}
}
@manual{ISM-bandEUR,
  author = {Electronic Communications Committee (ECC)},
  title = {THE EUROPEAN TABLE OF FREQUENCY
 ALLOCATIONS AND APPLICATIONS IN THE
 FREQUENCY RANGE 8.3 kHz to 3000 GHz (ECA TABLE)},
 year = {2021}
}
@manual{ZigbeeSpec,
  author = {Zigbee Alliance},
  title = {ZigBee Specification},
  year = {2015}
}
